
@article{mern,
    author = "Santosh Kumar , Shukla and Dubey , Shivam and Rastogi , Tarun and Srivastava , Nikita and Ijmtst , Editor",
    year = 2022,
    month = "06",
    pages = "102-105",
    title = "Application using MERN Stack",
    volume = "8",
    journal = "International Journal for Modern Trends in Science and Technology",
    doi = "10.46501/IJMTST0806014"
}

@misc{duolingo,
key = {duolingo},
  title = {Duolingo - La mejor manera de aprender un idioma a nivel mundial},
  year = {2011},
  howpublished = {\url{https://es.duolingo.com/}},
  urldate = {03-08-2023},
}

@misc{bmath,
key = {bmath},
  title = {BMath - App de matemáticas para niños},
  year = {2020},
  howpublished = {\url{http://www.bmath.app/}},
  urldate = {03-08-2023},
}

@misc{artly,
key = {artly},
  title = {Artly - Comienza a entender el arte},
  year = {2020},
  howpublished = {\url{https://artly.world/}},
  urldate = {04-08-2023},
}

@misc{nodejs,
key = {nodejs},
  title = {Documentación | NodeJS},
  year = {2009},
  howpublished = {\url{https://nodejs.org/es/docs/}},
  urldate = {04-08-2023}
}

@misc{mongodb,
key = {mongodb},
  title = {MongoDB: La plataforma de datos para aplicaciones},
  year = {2009},
  howpublished = {\url{https://www.mongodb.com/es/}}
}

@misc{dart,
key = {dart},
  title = {Dart - Programming Language},
  year = {2011},
  howpublished = {\url{https://dart.dev/}}
}

@misc{flutter,
key = {flutter},
  title = {Flutter - Build apps for any screen},
  year = {2017},
  howpublished = {\url{https://flutter.dev/}}
}

@misc{mongoose,
key = {mongoose},
  title = {Mongoose},
  year = {2011},
  howpublished = {\url{https://mongoosejs.com/}}
}

@misc{express,
key = {express},
  title = {ExpressJS},
  year = {2010},
  howpublished = {\url{https://expressjs.com/es/}},
}

@misc{nockpackage,
key = {nockpackage},
  title = {nock | Dart package},
  year = {2019},
  howpublished = {\url{https://pub.dev/packages/nock}},
}


@misc{flutterfftpackage,
  key = {flutter fft package},
  title = {flutter\_fft | Flutter package},
  year = {2020},
  howpublished = {\url{https://pub.dev/packages/flutter\_fft}},
}

@misc{sharedpreferencespackage,
  key = {sharedpreferencespackage},
  title = {shared\_preferences | Flutter package},
  year = {2017},
  howpublished = {\url{https://pub.dev/packages/shared\_preferences}},
}

@misc{multerpackage,
key = {multerpackage},
  title = {multer - npm},
  year = {2014},
  howpublished = {\url{https://www.npmjs.com/package/multer}},
}

@misc{JWT,
key = {JWT},
  title = {jsonwebtoken - npm},
  year = {2013},
  howpublished = {\url{https://www.npmjs.com/package/jsonwebtoken}},
}

@misc{curlenmusi,
key = {curlenmusi},
  title = {Curso de lenguaje musical - Apps en Google Play},
  year = {2021},
  howpublished = {\url{https://play.google.com/store/apps/details?id=curso.delenguajemusical}},
}

@misc{Sonid,
key = {sonid},
  title = {Sonid - ¡Aprende teoría musical fácilmente con Sonid, una aplicación para iOS y Android!},
  year = {2020},
  howpublished = {\url{https://sonid.app/es-es/}},
}

@misc{reactnative,
key = {reactnative},
  title = {React Native · Learn once, write anywhere.},
  year = {2015},
  howpublished = {\url{https://reactnative.dev/}},
}

@misc{kotlin,
key = {kotlin},
  title = {Kotlin programming language.},
  year = {2016},
  howpublished = {\url{https://kotlinlang.org/}},
}

@misc{react,
key = {react},
  title = {React},
  year = {2013},
  howpublished = {\url{https://es.react.dev/}},
}

@misc{angular,
key = {angular},
  title = {Angular},
  year = {2016},
  howpublished = {\url{https://angular.io/}},
}

@misc{mariadb,
key = {mariadb},
  title = {MariaDB Foundation - MariaDB.org},
  year = {2009},
  howpublished = {\url{https://mariadb.org/}},
}

@article{scrum,
author = {Adi, Putu},
year = {2015},
month = {09},
pages = {},
title = {Scrum Method Implementation in a Software Development Project Management},
volume = {6},
journal = {International Journal of Advanced Computer Science and Applications},
doi = {10.14569/IJACSA.2015.060927}
}

@misc{postman,
key = {postman},
  title = {Postman},
  year = {2012},
  howpublished = {\url{https://www.postman.com/}},
}

@misc{git,
key = {git},
  title = {Git},
  year = {2005},
  howpublished = {\url{https://git-scm.com/}},
}

@misc{github,
key = {github},
  title = {GitHub: Let\'s build from here},
  year = {2008},
  howpublished = {\url{https://github.com/}},
}

@misc{androidstudio,
key = {androidstudio},
  title = {Android Studio},
  year = {2013},
  howpublished = {\url{https://developer.android.com/studio}},
}

@misc{visualstudio,
key = {visualstudio},
  title = {Visual Studio Code - Code editing. Redefined.},
  year = {2015},
  howpublished = {\url{https://code.visualstudio.com/}},
}

@misc{mongocompas,
  key = {mongocompas},
  title = {MongoDB: La Plataforma De Datos Para Aplicaciones.},
  year = {2007},
  howpublished = {\url{https://www.mongodb.com/es/}},
}

@misc{jira,
  key = {jira},
  title = {Jira | Software de seguimiento de proyectos e incidencias.},
  year = {2002},
  howpublished = {\url{https://www.atlassian.com/es/software/jira}},
}

@misc{provider,
  key = {provider},
  title = {provider | Flutter package.},
  year = {2018},
  howpublished = {\url{https://pub.dev/packages/provider}},
}

@misc{fluttertest,
  key = {fluttertest},
  title = {flutter\_test library - Dart API.},
  year = {2017},
  howpublished = {\url{https://api.flutter.dev/flutter/flutter_test/flutter\_test-library.html}},
}


@misc{flutterdriver,
  key = {flutterdriver},
  title = {An introduction to integration testing | Flutter.},
  year = {2018},
  howpublished = {\url{hhttps://docs.flutter.dev/cookbook/testing/integration/introduction}},
}

@misc{cursonode,
  key = {cursonode},
  author = {Victor Robles},
  title = {Desarrollar una red social con JavaScript, Angular y NodeJS},
  year = {2023},
  howpublished = {\url{https://www.udemy.com/course/desarrollar-una-red-social-con-javascript-angular-y-nodejs-mongodb}}
}

@misc{cursoflutter,
  key = {cursoflutter},
  author = {Maximilian Schwarzmüller},
  title = {Flutter \& Dart - The Complete Guide 2023 Edition},
  year = {2023},
  howpublished = {\url{https://www.udemy.com/course/learn-flutter-dart-to-build-ios-android-apps/}},
}